@article{savi2008jogos,
  title={Jogos digitais educacionais: benef{\'\i}cios e desafios},
  author={Savi, Rafael and Ulbricht, Vania Ribas},
  journal={Revista Novas Tecnologias na Educa{\c{c}}{\~a}o},
  volume={6},
  number={1},
  year={2008}
}

@book{chandler2012manual,
  title={Manual De Produ{\c{c}}{\~a}o De Jogos Digitais PDF},
  author={Chandler, Heather Maxwell},
  year={2012},
  publisher = {Bookman}
}

@article{fleury2014mapeamento,
  title={Mapeamento da ind{\'u}stria brasileira e global de jogos digitais},
  author={Fleury, Afonso and Nakano, Davi and Cordeiro, JHDO},
  journal={S{\~a}o Paulo: GEDIGames/USP},
  pages={32--33},
  year={2014}
}

@article{bernardo2020classificaccao,
  title={Classifica{\c{c}}{\~a}o de jogos eletr{\^o}nicos como tecnologia assistiva para pessoas com defici{\^e}ncia visual},
  author={Bernardo, Claudio Gon{\c{c}}alves and Duque, Cl{\'a}udio Gottschalg and Orlandi, Tomas Roberto Cotta and Mori, Alexandre},
  journal={Informa{\c{c}}{\~a}o \& Informa{\c{c}}{\~a}o},
  volume={25},
  number={1},
  pages={141--170},
  year={2020}
}

@misc{gameblast2015,
  author = {{GameBlast}},
  title = {Problemas em games: bugs, glitches e falhas},
  year = {2015},
  url = {https://www.gameblast.com.br/2015/10/problemas-games-bugs-glitches-falhas.html},
  note = {Acesso em: 25 jun. 2025}
}


@phdthesis{david2024balancing,
  title={Balancing multiplayer games design using deep learning techniques},
  author={David Stephens, Conor},
  year={2024},
  school={University of Limerick}
}

@misc{pinglestudio2025,
  author = {{Pinglestudio}},
  title = {What are glitches in gaming?},
  year = {2025},
  url = {https://pinglestudio.com/knowledge-base/what-are-glitches-in-gaming},
  note = {Acesso em: 25 jun. 2025}
}


@misc{cnnbrasil2024,
  author = {{CNN Brasil}},
  title = {Público gamer cresce e 3 em cada 4 brasileiros consomem jogos eletrônicos},
  year = {2024},
  url = {https://www.cnnbrasil.com.br/tecnologia/publico-gamer-cresce-e-3-em-cada-4-brasileiros-consomem-jogos-eletronicos/},
  note = {Acesso em: 25 jun. 2025}
}


@article{backus2025investigating,
  title={Investigating the Prominence and Severity of Bugs and Glitches Within Games and Their Effects on Player Experience},
  author={Backus, Jessica},
  journal={arXiv preprint arXiv :2504.19010},
  year={2025}
}

@phdthesis{rossi2015classificacao,
  title     = {Classifica{\c{c}}{\~a}o autom{\'a}tica de textos por meio de aprendizado de m{\'a}quina baseado em redes},
  author    = {Rafael Geraldeli Rossi},
  year      = {2015},
  school    = {Universidade de S{\~a}o Paulo (USP)},
  type      = {Tese de Doutorado},
  address   = {S{\~a}o Carlos, SP},
  url       = {http://www.teses.usp.br/teses/disponiveis/55/55134/tde-05042016-105648/},
  language  = {Portuguese},
  keywords  = {Aprendizado de máquina, Classificação de textos, Redes heterogêneas, Propagação de rótulos, Machine learning, Text classification, Heterogeneous networks, Label propagation},
  note      = {Acesso aberto. Instituição de defesa: Biblioteca Digital de Teses e Dissertações da USP}
}


@article{santos2016aplicaccao,
  title={Aplica{\c{c}}{\~a}o de redes neurais no Brasil: um estudo bibliom{\'e}trico},
  author={Santos, Murilo Alves and de Souza, Daniel Henrique Silva and Penedo, Antonio Sergio Torres and Silveira-Martins, Elvis},
  journal={Biblionline},
  volume={12},
  number={2},
  pages={101--116},
  year={2016}
}

@inproceedings{santos2017abordagem,
  title={Uma abordagem de classifica{\c{c}}{\~a}o de imagens dermatosc{\'o}picas utilizando aprendizado profundo com redes neurais convolucionais},
  author={Santos, Alan and Aires, Kelson and Veras, Rodrigo and Uch{\~o}a, Valeska and Santos, Lu{\'\i}s},
  booktitle={Simp{\'o}sio Brasileiro de Computa{\c{c}}{\~a}o Aplicada {\`a} Sa{\'u}de (SBCAS)},
  year={2017},
  organization={SBC}
}

@mastersthesis{borges2020aplicaccao,
  title={Aplica{\c{c}}{\~a}o de redes neurais para a determina{\c{c}}{\~a}o do coeficiente de atrito de filmes pl{\'a}sticos flex{\'\i}veis},
  author={Borges, Pedro Pinguelli},
  type={{B.S.} thesis},
  year={2020},
  school={Universidade Tecnol{\'o}gica Federal do Paran{\'a}}
}

@book{haykin2001redes,
  title={Redes neurais: princ{\'\i}pios e pr{\'a}tica},
  author={Haykin, Simon},
  year={2001},
  publisher={Bookman Editora}
}

@phdthesis{pereira2025redes,
  author = {Pereira, Adriano Diniz},
  title = {Redes neurais convolucionais para análise de mamografias},
  school = {Universidade Tecnológica Federal do Paraná},
  year = {2025},
  address = {Ponta Grossa, PR},
  note = {Dissertação (Mestrado em Engenharia de Produção)},
  url = {http://repositorio.utfpr.edu.br/jspui/handle/1/36848},
  urldate = {2025-06-22}
}
@mastersthesis{cunha2020redes,
  author = {Cunha, Leonardo Cardoso da},
  title = {Redes neurais convolucionais e segmentação de imagens: uma revisão bibliográfica},
  school = {Universidade Federal de Ouro Preto},
  year = {2020},
  note = {Monografia (Graduação em Engenharia de Controle e Automação)},
  url = {http://www.monografias.ufop.br/handle/35400000/2872},
  urldate = {2025-06-22} 
}
@article{silva2024light,
  title={Light curve imaging for exoplanet detection with deep learning: a conceptual trial},
  author={Silva Filho, Paulo Cleber Farias da},
  year={2024}
}

@misc{KaggleGameplayImages,
  author = {Magotra, Adit},
  title = {Gameplay Images Dataset},
  year = {2023},
  url = {https://www.kaggle.com/datasets/aditmagotra/gameplay-images},
  note = {Acesso em: 22 jun. 2025}
}

@article{utsch2018uso,
  title={Uso de Redes Neurais Convolucionais para Classifica{\c{c}}{\~a}o de Imagens Digitais de Les{\~o}es de Pele},
  author={Utsch, Kaio Giurizatto},
  journal={Trabalho de Conclus{\~a}o de Curso (Gradua{\c{c}}{\~a}o em Engenharia El{\'e}trica)-Departamento de Engenharia El{\'e}trica do Centro Tecnol{\'o}gico da Universidade Federal do Esp{\'\i}rito Santo. Esp{\'\i}rito Santo},
  year={2018}
}

@misc{datacamp_sigmoid,
  author = {Singh, Vikash},
  title = {Função Sigmóide: O que é e como implementá-la?},
  year = {2023},
  url = {https://www.datacamp.com/pt/tutorial/sigmoid-function},
  note = {Acesso em: 22 jun. 2025}
}

% Formas de citacao
%\cite[p.~2]{fernandes2018experiencia}.

@misc{nintendoGameBoy,
  author = {{Nintendo}},
  title = {Game Boy | Hardware | Nintendo History},
  year = {2025},
  url = {https://www.nintendo.com/pt-pt/Consolas-e-acessorios/Historia-da-Nintendo/Game-Boy/Game-Boy-627031.html},
  note = {Acesso em: 23 jun. 2025}
}


@misc{ignMissingNo,
  author = {{IGN Brasil}},
  title = {MissingNo: o pokémon que se tornou o glitch mais famoso da franquia},
  year = {2020},
  url = {https://br.ign.com/pokemon-red-version/109919/news/missingno-o-pokemon-que-se-tornou-o-glitch-mais-famoso-da-franquia},
  note = {Acesso em: 23 jun. 2025}
}


@misc{abragames2022,
  author = {{Abragames}},
  title = {Pesquisa da Indústria Brasileira de Games},
  year = {2022},
  url = {https://www.abragames.org/pesquisa-da-industria-brasileira-de-games.html},
  note = {Acesso em: 02 jun. 2025}
}


@article{araujo2024produccao,
  title={Produ{\c{c}}{\~a}o cient{\'\i}fica nacional sobre jogos digitais no Ensino de Ci{\^e}ncias (2004-2021)},
  author={Ara{\'u}jo, Markondes Lacerda and Le{\~a}o, Marcelo Franco},
  journal={Educa{\c{c}}{\~a}o},
  pages={e50--1},
  year={2024}
}

@article{juraszek2014reconhecimento,
  title={Reconhecimento de produtos por imagem utilizando palavras visuais e redes neurais convolucionais},
  author={Juraszek, Guilherme Defreitas and others},
  year={2014},
  publisher={Universidade do Estado de Santa Catarina}
}
@article{rodrigues2024avaliaccao,
  title={Avalia{\c{c}}{\~a}o de Desempenho de Redes Neurais Convolucionais no Diagn{\'o}stico de Amiloidose Card{\'\i}aca},
  author={Rodrigues, Miguel Elias Silva},
  year={2024},
  publisher={Universidade Federal da Para{\'\i}ba}
}

@article{castro2011aprendizado,
  title={Aprendizado supervisionado com conjuntos de dados desbalanceados},
  author={Castro, Cristiano Leite de and Braga, Ant{\^o}nio P{\'a}dua},
  journal={Sba: Controle \& Automa{\c{c}}{\~a}o Sociedade Brasileira de Automatica},
  volume={22},
  pages={441--466},
  year={2011},
  publisher={SciELO Brasil}
}

@misc{google_multiclasse,
  author = {{Google Developers}},
  title = {Classificação: classificação multiclasse | Machine Learning},
  year = {2025},
  url = {https://developers.google.com/machine-learning/crash-course/classification/multiclass?hl=pt-br},
  note = {Acesso em: 25 jun. 2025}
}

@misc{microsoft_onevsone,
  author = {{Microsoft Learn}},
  title = {Multiclasse Um contra Um - Azure Machine Learning},
  year = {2024},
  url = {https://learn.microsoft.com/pt-br/azure/machine-learning/component-reference/one-vs-one-multiclass?view=azureml-api-2},
  note = {Acesso em: 14 ago. 2025}
}

@article{gaio2022analise,
  title={An{\'a}lise comparativa das t{\'e}cnicas de implementa{\c{c}}{\~a}o de arquiteturas da fun{\c{c}}{\~a}o sigmoide},
  author={Gaio, Daniel Eliel},
  year={2022},
  publisher={Universidade Federal do Pampa}
}

@misc{iaexpert2020ativacao,
  author = {Ceccon, Denny},
  title = {Funções de ativação: definição, características, e quando usar cada uma},
  year = {2020},
  howpublished = {\url{https://iaexpert.academy/2020/05/25/funcoes-de-ativacao-definicao-caracteristicas-e-quando-usar-cada-uma/}},
  note = {Acesso em: 22 de julho 2025}
}

@article{costa2024testes,
  title={Testes de software automatizados em jogos digitais: um estudo bibliogr{\'a}fico},
  author={Costa, Mois{\'e}s Oliveira},
  year={2024}
}

@article{pereira2013beneficios,
  title={Benef{\'\i}cios do teste de software},
  author={PEREIRA, S{\'\i}lvia Arantes},
  year={2013},
  publisher={004}
}

@misc{unity2023testing,
  author    = {{Unity Technologies}},
  title     = {Dicas de teste e garantia de qualidade para projetos Unity},
  year      = {2023},
  howpublished = {\url{https://unity.com/pt/how-to/testing-and-quality-assurance-tips-unity-projects}},
  note      = {Acesso em: 21 jul. 2025}
}

@inproceedings{ling2020using,
  title={Using deep convolutional neural networks to detect rendered glitches in video games},
  author={Ling, Carlos and Tollmar, Konrad and Gissl{\'e}n, Linus},
  booktitle={Proceedings of the AAAI Conference on Artificial Intelligence and Interactive Digital Entertainment},
  volume={16},
  number={1},
  pages={66--73},
  year={2020}
}